@book{macwilliams1977theory,
  title={The theory of error-correcting codes},
  author={MacWilliams, Florence Jessie and Sloane, Neil James Alexander},
  volume={16},
  year={1977},
  publisher={Elsevier}
}

@article{sampson2014approximate,
  title={Approximate storage in solid-state memories},
  author={Sampson, Adrian and Nelson, Jacob and Strauss, Karin and Ceze, Luis},
  journal={ACM Transactions on Computer Systems (TOCS)},
  volume={32},
  number={3},
  pages={9},
  year={2014},
  publisher={ACM}
}

@inproceedings{guo2016high,
  title={High-density image storage using approximate memory cells},
  author={Guo, Qing and Strauss, Karin and Ceze, Luis and Malvar, Henrique S},
  booktitle={ACM SIGPLAN Notices},
  volume={51},
  number={4},
  pages={413--426},
  year={2016},
  organization={ACM}
}

@article{wiegand2003overview,
  title={Overview of the H. 264/AVC video coding standard},
  author={Wiegand, Thomas and Sullivan, Gary J and Bjontegaard, Gisle and Luthra, Ajay},
  journal={IEEE Transactions on circuits and systems for video technology},
  volume={13},
  number={7},
  pages={560--576},
  year={2003}
}

@article{schwarz2007overview,
  title={Overview of the scalable video coding extension of the H. 264/AVC standard},
  author={Schwarz, Heiko and Marpe, Detlev and Wiegand, Thomas},
  journal={To appear in IEEE Transactions on Circuits and Systems for Video Technology},
  pages={1},
  year={2007}
}

@book{richardson2011h,
  title={The H. 264 advanced video compression standard},
  author={Richardson, Iain E},
  year={2011},
  publisher={John Wiley \& Sons}
}

@article{didyk2013joint,
  title={Joint view expansion and filtering for automultiscopic 3D displays},
  author={Didyk, Piotr and Sitthi-Amorn, Pitchaya and Freeman, William and Durand, Fr{\'e}do and Matusik, Wojciech},
  journal={ACM Transactions on Graphics (TOG)},
  volume={32},
  number={6},
  pages={221},
  year={2013},
  publisher={ACM}
}

@article{wadhwa2013phase,
  title={Phase-based video motion processing},
  author={Wadhwa, Neal and Rubinstein, Michael and Durand, Fr{\'e}do and Freeman, William T},
  journal={ACM Transactions on Graphics (TOG)},
  volume={32},
  number={4},
  pages={80},
  year={2013},
  publisher={ACM}
}

@inproceedings{meyer2015phase,
  title={Phase-based frame interpolation for video},
  author={Meyer, Simone and Wang, Oliver and Zimmer, Henning and Grosse, Max and Sorkine-Hornung, Alexander},
  booktitle={Proceedings of the IEEE Conference on Computer Vision and Pattern Recognition},
  pages={1410--1418},
  year={2015}
}

@article{van2017frame,
  title={Frame interpolation with multi-scale deep loss functions and generative adversarial networks},
  author={van Amersfoort, Joost and Shi, Wenzhe and Acosta, Alejandro and Massa, Francisco and Totz, Johannes and Wang, Zehan and Caballero, Jose},
  journal={arXiv preprint arXiv:1711.06045},
  year={2017}
}

@inproceedings{niklaus2018context,
  title={Context-aware synthesis for video frame interpolation},
  author={Niklaus, Simon and Liu, Feng},
  booktitle={Proceedings of the IEEE Conference on Computer Vision and Pattern Recognition},
  pages={1701--1710},
  year={2018}
}

@inproceedings{dosovitskiy2015flownet,
  title={Flownet: Learning optical flow with convolutional networks},
  author={Dosovitskiy, Alexey and Fischer, Philipp and Ilg, Eddy and Hausser, Philip and Hazirbas, Caner and Golkov, Vladimir and Van Der Smagt, Patrick and Cremers, Daniel and Brox, Thomas},
  booktitle={Proceedings of the IEEE international conference on computer vision},
  pages={2758--2766},
  year={2015}
}

@inproceedings{ilg2017flownet,
  title={Flownet 2.0: Evolution of optical flow estimation with deep networks},
  author={Ilg, Eddy and Mayer, Nikolaus and Saikia, Tonmoy and Keuper, Margret and Dosovitskiy, Alexey and Brox, Thomas},
  booktitle={Proceedings of the IEEE Conference on Computer Vision and Pattern Recognition},
  pages={2462--2470},
  year={2017}
}

@inproceedings{plank2004practical,
  title={A practical analysis of low-density parity-check erasure codes for wide-area storage applications},
  author={Plank, James S and Thomason, Michael G},
  booktitle={International Conference on Dependable Systems and Networks, 2004},
  pages={115--124},
  year={2004},
  organization={IEEE}
}

@article{huang2008star,
  title={STAR: An efficient coding scheme for correcting triple storage node failures},
  author={Huang, Cheng and Xu, Lihao},
  journal={IEEE Transactions on Computers},
  volume={57},
  number={7},
  pages={889--901},
  year={2008},
  publisher={IEEE}
}

@article{blaum1995evenodd,
  title={EVENODD: An efficient scheme for tolerating double disk failures in RAID architectures},
  author={Blaum, Mario and Brady, Jim and Bruck, Jehoshua and Menon, Jai},
  journal={IEEE Transactions on computers},
  volume={44},
  number={2},
  pages={192--202},
  year={1995},
  publisher={IEEE}
}

@article{bloemer1995xor,
  title={An XOR-based erasure-resilient coding scheme},
  author={Bloemer, Johannes and Kalfane, Malik and Karp, Richard and Karpinski, Marek and Luby, Michael and Zuckerman, David},
  year={1995},
  publisher={Citeseer}
}

@article{blaum1999lowest,
  title={On lowest density MDS codes},
  author={Blaum, Mario and Roth, Ron M},
  journal={IEEE Transactions on Information Theory},
  volume={45},
  number={1},
  pages={46--59},
  year={1999},
  publisher={IEEE}
}

@inproceedings{corbett2004row,
  title={Row-diagonal parity for double disk failure correction},
  author={Corbett, Peter and English, Bob and Goel, Atul and Grcanac, Tomislav and Kleiman, Steven and Leong, James and Sankar, Sunitha},
  booktitle={Proceedings of the 3rd USENIX Conference on File and Storage Technologies},
  pages={1--14},
  year={2004},
  organization={USENIX Association Berkeley, CA, USA}
}

@article{cassuto2009cyclic,
  title={Cyclic lowest density MDS array codes},
  author={Cassuto, Yuval and Bruck, Jehoshua},
  journal={IEEE Transactions on Information Theory},
  volume={55},
  number={4},
  pages={1721--1729},
  year={2009},
  publisher={IEEE}
}

@inproceedings{jin2009p,
  title={P-Code: A new RAID-6 code with optimal properties},
  author={Jin, Chao and Jiang, Hong and Feng, Dan and Tian, Lei},
  booktitle={Proceedings of the 23rd international conference on Supercomputing},
  pages={360--369},
  year={2009},
  organization={ACM}
}

@inproceedings{inproceedings,
author = {Wu, Chentao and Wan, Shenggang and He, Xubin and Cao, Qiang and Xie, Changsheng},
year = {2011},
month = {05},
pages = {782-793},
title = {H-Code: A hybrid MDS array code to optimize partial stripe writes in RAID-6},
doi = {10.1109/IPDPS.2011.78}
}
