@book{macwilliams1977theory,
  title={The theory of error-correcting codes},
  author={MacWilliams, Florence Jessie and Sloane, Neil James Alexander},
  volume={16},
  year={1977},
  publisher={Elsevier}
}

@article{sampson2014approximate,
  title={Approximate storage in solid-state memories},
  author={Sampson, Adrian and Nelson, Jacob and Strauss, Karin and Ceze, Luis},
  journal={ACM Transactions on Computer Systems (TOCS)},
  volume={32},
  number={3},
  pages={9},
  year={2014},
  publisher={ACM}
}

@inproceedings{guo2016high,
  title={High-density image storage using approximate memory cells},
  author={Guo, Qing and Strauss, Karin and Ceze, Luis and Malvar, Henrique S},
  booktitle={ACM SIGPLAN Notices},
  volume={51},
  number={4},
  pages={413--426},
  year={2016},
  organization={ACM}
}

@article{wiegand2003overview,
  title={Overview of the H. 264/AVC video coding standard},
  author={Wiegand, Thomas and Sullivan, Gary J and Bjontegaard, Gisle and Luthra, Ajay},
  journal={IEEE Transactions on circuits and systems for video technology},
  volume={13},
  number={7},
  pages={560--576},
  year={2003}
}

@article{schwarz2007overview,
  title={Overview of the scalable video coding extension of the H. 264/AVC standard},
  author={Schwarz, Heiko and Marpe, Detlev and Wiegand, Thomas},
  journal={To appear in IEEE Transactions on Circuits and Systems for Video Technology},
  pages={1},
  year={2007}
}

@book{richardson2011h,
  title={The H. 264 advanced video compression standard},
  author={Richardson, Iain E},
  year={2011},
  publisher={John Wiley \& Sons}
}